@inproceedings{faegheh,
author = {Hasibi, Faegheh and Balog, Krisztian and Bratsberg, Svein Erik},
title = {Exploiting Entity Linking in Queries for Entity Retrieval},
year = {2016},
isbn = {9781450344975},
publisher = {Association for Computing Machinery},
address = {New York, NY, USA},
url = {https://doi.org/10.1145/2970398.2970406},
doi = {10.1145/2970398.2970406},
booktitle = {Proceedings of the 2016 ACM International Conference on the Theory of Information Retrieval},
pages = {209–218},
numpages = {10},
keywords = {semistructured retrieval, entity retrieval, entity linking},
location = {Newark, Delaware, USA},
series = {ICTIR ’16}
}
  
@article{Garigliotti_2017,
   title={On Type-Aware Entity Retrieval},
   ISBN={9781450344906},
   url={http://dx.doi.org/10.1145/3121050.3121054},
   DOI={10.1145/3121050.3121054},
   journal={Proceedings of the ACM SIGIR International Conference on Theory of Information Retrieval - ICTIR  ’17},
   publisher={ACM Press},
   author={Garigliotti, Darío and Balog, Krisztian},
   year={2017}
}


@inproceedings{concept_feedback,
author = {Kotov, Alexander and Zhai, ChengXiang},
title = {Tapping into Knowledge Base for Concept Feedback: Leveraging Conceptnet to Improve Search Results for Difficult Queries},
year = {2012},
isbn = {9781450307475},
publisher = {Association for Computing Machinery},
address = {New York, NY, USA},
url = {https://doi.org/10.1145/2124295.2124344},
doi = {10.1145/2124295.2124344},
booktitle = {Proceedings of the Fifth ACM International Conference on Web Search and Data Mining},
pages = {403–412},
numpages = {10},
keywords = {query expansion, knowledge bases, query analysis, conceptnet},
location = {Seattle, Washington, USA},
series = {WSDM ’12}
}
  

@inproceedings{openie,
author = {Zhiltsov, Nikita and Kotov, Alexander and Nikolaev, Fedor},
title = {Fielded Sequential Dependence Model for Ad-Hoc Entity Retrieval in the Web of Data},
year = {2015},
isbn = {9781450336215},
publisher = {Association for Computing Machinery},
address = {New York, NY, USA},
url = {https://doi.org/10.1145/2766462.2767756},
doi = {10.1145/2766462.2767756},
booktitle = {Proceedings of the 38th International ACM SIGIR Conference on Research and Development in Information Retrieval},
pages = {253–262},
numpages = {10},
keywords = {structured document retrieval, entity retrieval, web of data, term dependence},
location = {Santiago, Chile},
series = {SIGIR ’15}
}
  
