@article{MEHTA2007237,
title = "Optimal detection and control strategies for invasive species management",
journal = "Ecological Economics",
volume = "61",
number = "2",
pages = "237 - 245",
year = "2007",
issn = "0921-8009",
doi = "https://doi.org/10.1016/j.ecolecon.2006.10.024",
url = "http://www.sciencedirect.com/science/article/pii/S0921800906005568",
author = "Shefali V. Mehta and Robert G. Haight and Frances R. Homans and Stephen Polasky and Robert C. Venette",
keywords = "Invasive species, Non-native, Detection, Risk management"
}

@ARTICLE{entity,
author={W. {Shen} and J. {Wang} and J. {Han}},
journal={IEEE Transactions on Knowledge and Data Engineering},
title={Entity Linking with a Knowledge Base: Issues, Techniques, and Solutions},
year={2015},
volume={27},
number={2},
pages={443-460},
keywords={knowledge based systems;text analysis;information extraction;information retrieval;knowledge base population;entity linking systems;Web data;Joining processes;Knowledge based systems;Encyclopedias;Internet;Electronic publishing;Couplings;Entity linking;entity disambiguation;knowledge base},
doi={10.1109/TKDE.2014.2327028},
ISSN={2326-3865},
month={Feb},}

@inproceedings{tagme,
author = {Ferragina, Paolo and Scaiella, Ugo},
title = {TAGME: On-the-Fly Annotation of Short Text Fragments (by Wikipedia Entities)},
year = {2010},
isbn = {9781450300995},
publisher = {Association for Computing Machinery},
address = {New York, NY, USA},
url = {https://doi.org/10.1145/1871437.1871689},
doi = {10.1145/1871437.1871689},
booktitle = {Proceedings of the 19th ACM International Conference on Information and Knowledge Management},
pages = {1625–1628},
numpages = {4},
keywords = {wikipedia, word sense disambiguation, semantic annotation, text mining},
location = {Toronto, ON, Canada},
series = {CIKM ’10}
}


@inproceedings{cheng-2013,
    title = "Relational Inference for Wikification",
    author = "Cheng, Xiao  and
      Roth, Dan",
    booktitle = "Proceedings of the 2013 Conference on Empirical Methods in Natural Language Processing",
    month = oct,
    year = "2013",
    address = "Seattle, Washington, USA",
    publisher = "Association for Computational Linguistics",
    url = "https://www.aclweb.org/anthology/D13-1184",
    pages = "1787--1796",
}


@inproceedings{dbpedia,
  title={DBpedia spotlight: shedding light on the web of documents},
  author={Mendes, Pablo N and Jakob, Max and Garc{\'\i}a-Silva, Andr{\'e}s and Bizer, Christian},
  booktitle={Proceedings of the 7th international conference on semantic systems},
  pages={1--8},
  year={2011}
}
